<?xml version="1.0" encoding="UTF-8" ?><marc:collection xmlns:marc="http://www.loc.gov/MARC21/slim" xmlns:xsi="http://www.w3.org/2001/XMLSchema-instance" xsi:schemaLocation="http://www.loc.gov/MARC21/slim http://www.loc.gov/standards/marcxml/schema/MARC21slim.xsd">
<marc:record><marc:leader>03053nam a2200337Ii 4500</marc:leader>
<marc:controlfield tag="001">on1100587778</marc:controlfield>
<marc:controlfield tag="005">20190509013819.0</marc:controlfield><marc:controlfield tag="006">m     o  d        </marc:controlfield><marc:controlfield tag="007">cr unu||||||||</marc:controlfield><marc:controlfield tag="008">190509s2019    miu      b    000 0beng d</marc:controlfield><marc:datafield tag="040" ind1=" " ind2=" "><marc:subfield code="a">EYM</marc:subfield><marc:subfield code="b">eng</marc:subfield><marc:subfield code="e">rda</marc:subfield><marc:subfield code="e">pn</marc:subfield><marc:subfield code="c">EYM</marc:subfield></marc:datafield><marc:datafield tag="020" ind1=" " ind2=" "><marc:subfield code="z">9780472131723</marc:subfield><marc:subfield code="q">hardcover</marc:subfield></marc:datafield><marc:datafield tag="024" ind1="7" ind2=" "><marc:subfield code="a">10.3998/mpub.11447976</marc:subfield><marc:subfield code="2">doi</marc:subfield></marc:datafield><marc:datafield tag="043" ind1=" " ind2=" "><marc:subfield code="a">n-us-mi</marc:subfield></marc:datafield><marc:datafield tag="050" ind1=" " ind2="4"><marc:subfield code="a">F574.F62</marc:subfield><marc:subfield code="b">R4</marc:subfield></marc:datafield><marc:datafield tag="100" ind1="1" ind2=" "><marc:subfield code="a">Renehan, Edward,</marc:subfield><marc:subfield code="d">1956-</marc:subfield><marc:subfield code="e">author.</marc:subfield></marc:datafield><marc:datafield tag="245" ind1="1" ind2="4"><marc:subfield code="a">The life of Charles Stewart Mott :</marc:subfield><marc:subfield code="b">industrialist, philanthropist, Mr. Flint /</marc:subfield><marc:subfield code="c">Edward Renehan.</marc:subfield></marc:datafield><marc:datafield tag="264" ind1=" " ind2="1"><marc:subfield code="a">Ann Arbor, Michigan :</marc:subfield><marc:subfield code="b">University of Michigan Press,</marc:subfield><marc:subfield code="c">2019.</marc:subfield></marc:datafield><marc:datafield tag="300" ind1=" " ind2=" "><marc:subfield code="a">1 online resource (180 unnumbered pages)</marc:subfield></marc:datafield><marc:datafield tag="336" ind1=" " ind2=" "><marc:subfield code="a">text</marc:subfield><marc:subfield code="b">txt</marc:subfield><marc:subfield code="2">rdacontent</marc:subfield></marc:datafield><marc:datafield tag="337" ind1=" " ind2=" "><marc:subfield code="a">computer</marc:subfield><marc:subfield code="b">c</marc:subfield><marc:subfield code="2">rdamedia</marc:subfield></marc:datafield><marc:datafield tag="338" ind1=" " ind2=" "><marc:subfield code="a">online resource</marc:subfield><marc:subfield code="b">cr</marc:subfield><marc:subfield code="2">rdacarrier</marc:subfield></marc:datafield><marc:datafield tag="504" ind1=" " ind2=" "><marc:subfield code="a">Includes bibliographical references (unnumbered pages 178-180).</marc:subfield></marc:datafield><marc:datafield tag="520" ind1="3" ind2=" "><marc:subfield code="a">The name Charles Stewart Mott is today most widely recognizable when used in connection with the word Foundation . Established by the General Motors mogul in 1926, the Charles Stewart Mott Foundation has made grants in excess of $3 billion over the past nine decades, both in Mott's adopted hometown of Flint, Michigan, and around the world. But philanthropy is only one reason the life of Mott--entrepreneur, industrialist, banker, mayor, and sometimes even cowboy--is worth knowing about today. Mott was born ten years after the death of Abraham Lincoln and one year before the 1876 centennial of the founding of the United States. He not only lived through the most dramatic technological shift and period of economic growth that had yet been known, but he actively participated in and contributed to these events as a major innovator and leader at General Motors, as a public official, and as a philanthropist who in many ways reinvented the nonprofit model. Known widely as Mr. Flint, Mott was elected three times as the city's mayor and played a central role in modernizing and expanding its infrastructure and institutions. In office, Mott helped transform Flint from a town capable of efficiently accommodating a population of roughly thirteen thousand in the first decade of the twentieth century to a modern metropolis capable of hosting an industrial middle class of more than one hundred thousand. This vivid biography portrays a complex, brilliant, often contradictory, and ultimately fascinating man. His life--both as a record of himself and as a reflection of his times--makes for a good and important story that will be enjoyed by readers interested in Michigan history and politics, the automotive industry, and global philanthropy.</marc:subfield></marc:datafield><marc:datafield tag="588" ind1=" " ind2=" "><marc:subfield code="a">Description based on information from the publisher.</marc:subfield></marc:datafield><marc:datafield tag="600" ind1="1" ind2="0"><marc:subfield code="a">Mott, Charles Stewart,</marc:subfield><marc:subfield code="d">1875-1973.</marc:subfield></marc:datafield><marc:datafield tag="651" ind1=" " ind2="0"><marc:subfield code="a">Flint (Mich.)</marc:subfield><marc:subfield code="v">Biography.</marc:subfield></marc:datafield><marc:datafield tag="651" ind1=" " ind2="0"><marc:subfield code="a">Flint (Mich.)</marc:subfield><marc:subfield code="x">History.</marc:subfield></marc:datafield><marc:datafield tag="655" ind1=" " ind2="4"><marc:subfield code="a">Electronic books.</marc:subfield></marc:datafield><marc:datafield tag="710" ind1="2" ind2=" "><marc:subfield code="a">Michigan Publishing (University of Michigan),</marc:subfield><marc:subfield code="e">issuing body.</marc:subfield></marc:datafield><marc:datafield tag="856" ind1="4" ind2="0"><marc:subfield code="z">Access to the Michigan Publishing online version:</marc:subfield><marc:subfield code="u">https://dx.doi.org/10.3998/mpub.11447976</marc:subfield></marc:datafield></marc:record>
</marc:collection>
